<?xml version="1.0" encoding="UTF-8"?><collection xmlns="http://www.loc.gov/MARC21/slim"><record><leader>00598nam--2200181-i-4500</leader><controlfield tag="001">000012948</controlfield><controlfield tag="002">20161230</controlfield><controlfield tag="005">20161230201030</controlfield><controlfield tag="008">060222s1000------------r-----000-0-eng-d</controlfield><datafield ind1=" " ind2=" " tag="040"><subfield code="a">IFIN-HH</subfield></datafield><datafield ind1=" " ind2=" " tag="080"><subfield code="a">517.954:530.1(061.3)</subfield></datafield><datafield ind1="1" ind2=" " tag="100"><subfield code="a">Garnir, H.G</subfield></datafield><datafield ind1="1" ind2="0" tag="245"><subfield code="a">Boundary value problems for linear evolution partial differential equations. proceedings, liege, belgium, 1976</subfield><subfield code="c">H.g.garnir (ed.)</subfield></datafield><datafield ind1=" " ind2=" " tag="260"><subfield code="a">Dsordrecht</subfield><subfield code="b">D.Reidel Publishing Company</subfield><subfield code="c">1977</subfield></datafield><datafield ind1=" " ind2=" " tag="300"><subfield code="a">XIV + 473 P</subfield></datafield><datafield ind1=" " ind2=" " tag="490"><subfield code="a">Nato Adsvanced Study Institutes Series C, 29</subfield></datafield><datafield ind1=" " ind2=" " tag="852"><subfield code="a">42548</subfield><subfield code="c">53</subfield></datafield><datafield ind1=" " ind2=" " tag="CAT"><subfield code="a">Sys</subfield><subfield code="c">20150323</subfield><subfield code="h">122257</subfield></datafield></record></collection>